@article{badue2021self,
  title={Self-driving cars: A survey},
  author={Badue, Claudine and Guidolini, R{\^a}nik and Carneiro, Raphael Vivacqua and Azevedo, Pedro and Cardoso, Vinicius B and Forechi, Avelino and Jesus, Luan and Berriel, Rodrigo and Paixao, Thiago M and Mutz, Filipe and others},
  journal={Expert systems with applications},
  volume={165},
  pages={113816},
  year={2021},
  publisher={Elsevier}
}

@article{thorpe2002toward,
  title={Toward autonomous driving: The CMU Navlab. II. Architecture and systems},
  author={Thorpe, Charles and Herbert, Martial and Kanade, Takeo and Shafter, S},
  journal={IEEE expert},
  volume={6},
  number={4},
  pages={44--52},
  year={2002},
  publisher={IEEE}
}

@article{broggi1999argo,
  title={ARGO and the MilleMiglia in Automatico Tour},
  author={Broggi, Alberto and Bertozzi, Massimo and Fascioli, Alessandra},
  journal={IEEE Intelligent Systems and their Applications},
  volume={14},
  number={1},
  pages={55--64},
  year={1999},
  publisher={IEEE}
}

@article{gregor2002ems,
  title={EMS-Vision: A perceptual system for autonomous vehicles},
  author={Gregor, Rudolf and Lutzeler, M and Pellkofer, Martin and Siedersberger, K-H and Dickmanns, Ernst D},
  journal={IEEE transactions on intelligent transportation systems},
  volume={3},
  number={1},
  pages={48--59},
  year={2002},
  publisher={IEEE}
}

@article{shreyas2020self,
  title={Self-driving cars: An overview of various autonomous driving systems},
  author={Shreyas, V and Bharadwaj, Skanda N and Srinidhi, S and Ankith, KU and Rajendra, AB},
  journal={Advances in Data and Information Sciences: Proceedings of ICDIS 2019},
  pages={361--371},
  year={2020},
  publisher={Springer}
}

@inproceedings{tian2018deeptest,
  title={Deeptest: Automated testing of deep-neural-network-driven autonomous cars},
  author={Tian, Yuchi and Pei, Kexin and Jana, Suman and Ray, Baishakhi},
  booktitle={Proceedings of the 40th international conference on software engineering},
  pages={303--314},
  year={2018}
}
@inproceedings{vishnukumar2017machine,
  title={Machine learning and deep neural networkâ€”Artificial intelligence core for lab and real-world test and validation for ADAS and autonomous vehicles: AI for efficient and quality test and validation},
  author={Vishnukumar, Harsha Jakkanahalli and Butting, Bj{\"o}rn and M{\"u}ller, Christian and Sax, Eric},
  booktitle={2017 intelligent systems conference (IntelliSys)},
  pages={714--721},
  year={2017},
  organization={IEEE}
}
@article{zhu2014vehicle,
  title={Vehicle detection in driving simulation using extreme learning machine},
  author={Zhu, Wentao and Miao, Jun and Hu, Jiangbi and Qing, Laiyun},
  journal={Neurocomputing},
  volume={128},
  pages={160--165},
  year={2014},
  publisher={Elsevier}
}

@article{qiu2024machine,
  title={Machine vision-based autonomous road hazard avoidance system for self-driving vehicles},
  author={Qiu, Chengqun and Tang, Hao and Yang, Yuchen and Wan, Xinshan and Xu, Xixi and Lin, Shengqiang and Lin, Ziheng and Meng, Mingyu and Zha, Changli},
  journal={Scientific Reports},
  volume={14},
  number={1},
  pages={12178},
  year={2024},
  publisher={Nature Publishing Group UK London}
}
@article{rajagopal2023hybrid,
  title={A hybrid Cycle GAN-based lightweight road perception pipeline for road dataset generation for Urban mobility},
  author={Rajagopal, Balaji Ganesh and Kumar, Manish and Alshehri, Abdulaziz H and Alanazi, Fayez and Deifalla, Ahmed Farouk and Yosri, Ahmed M and Azam, Abdelhalim},
  journal={Plos one},
  volume={18},
  number={11},
  pages={e0293978},
  year={2023},
  publisher={Public Library of Science San Francisco, CA USA}
}
@article{saxena2021generative,
  title={Generative adversarial networks (GANs) challenges, solutions, and future directions},
  author={Saxena, Divya and Cao, Jiannong},
  journal={ACM Computing Surveys (CSUR)},
  volume={54},
  number={3},
  pages={1--42},
  year={2021},
  publisher={ACM New York, NY, USA}
}
@article{akkem2024comprehensive,
  title={A comprehensive review of synthetic data generation in smart farming by using variational autoencoder and generative adversarial network},
  author={Akkem, Yaganteeswarudu and Biswas, Saroj Kumar and Varanasi, Aruna},
  journal={Engineering Applications of Artificial Intelligence},
  volume={131},
  pages={107881},
  year={2024},
  publisher={Elsevier}
}

@inproceedings{zhu2017unpaired,
  title={Unpaired image-to-image translation using cycle-consistent adversarial networks},
  author={Zhu, Jun-Yan and Park, Taesung and Isola, Phillip and Efros, Alexei A},
  booktitle={Proceedings of the IEEE international conference on computer vision},
  pages={2223--2232},
  year={2017}
}

@article{chu2017cyclegan,
  title={Cyclegan, a master of steganography},
  author={Chu, Casey and Zhmoginov, Andrey and Sandler, Mark},
  journal={arXiv preprint arXiv:1712.02950},
  year={2017}
}

@article{goodfellow2014generative,
  title={Generative adversarial nets},
  author={Goodfellow, Ian J and Pouget-Abadie, Jean and Mirza, Mehdi and Xu, Bing and Warde-Farley, David and Ozair, Sherjil and Courville, Aaron and Bengio, Yoshua},
  journal={Advances in neural information processing systems},
  volume={27},
  year={2014}
}

@inproceedings{chen2020progressive,
  title={Progressive domain adaptation for object detection},
  author={Chen, Yuhua and Li, Wen and Van Gool, Luc and Dai, Angela},
  booktitle={Proceedings of the IEEE/CVF Winter Conference on Applications of Computer Vision},
  pages={749--757},
  year={2020}
}

@inproceedings{sun2020scalability,
  title={Scalability in perception for autonomous driving: Waymo open dataset},
  author={Sun, Pei and Kretzschmar, Henrik and Dotiwalla, Xerxes and Chouard, Aurelien and Patnaik, Vijaysai and Tsui, Paul and Guo, James and Zhou, Yin and Chai, Yuning and Caine, Benjamin and others},
  booktitle={Proceedings of the IEEE/CVF Conference on Computer Vision and Pattern Recognition},
  pages={2446--2454},
  year={2020}
}

@article{wilson2020survey,
  title={A survey on sensor technologies for autonomous driving},
  author={Wilson, BM and Birrell, Stewart A and Yang, Liang and Fox, Charles and Burns, Matthew and Rodden, Tom and Mahdjoubi, Reyhaneh and Bransby, Malcolm and Lawson, Alastair and Eardley, Michael},
  journal={IEEE Transactions on Intelligent Transportation Systems},
  volume={24},
  number={3},
  pages={2812--2836},
  year={2023},
  publisher={IEEE}
}

@inproceedings{xiao2020multimodal,
  title={Multimodal end-to-end autonomous driving},
  author={Xiao, Yurui and Codevilla, Felipe and Gurram, Akhil and Urfalioglu, Onay and L{\'o}pez, Antonio M},
  booktitle={Computer Vision--ECCV 2020: 16th European Conference, Glasgow, UK, August 23--28, 2020, Proceedings, Part XXII 16},
  pages={449--466},
  year={2020},
  organization={Springer}
}

@inproceedings{chowdhuri2019multinet,
  title={MultiNet: Multi-modal multi-task learning for autonomous driving},
  author={Chowdhuri, Swarna and Pankaj, Tanay and Zipser, Karl},
  booktitle={2019 IEEE Winter Conference on Applications of Computer Vision (WACV)},
  pages={1496--1504},
  year={2019},
  organization={IEEE}
}

@inproceedings{maqueda2018event,
  title={Event-based vision meets deep learning on steering prediction for self-driving cars},
  author={Maqueda, Ana I and Loquercio, Antonio and Gallego, Guillermo and Garc{\'\i}a, Narciso and Scaramuzza, Davide},
  booktitle={Proceedings of the IEEE Conference on Computer Vision and Pattern Recognition},
  pages={5419--5427},
  year={2018}
}

============================================================================%%
%% while using chicago reference style, both abbreviated and expanded form of %%
%% author name format is acceptable. Refer below example for expanded form    %%
%%============================================================================%%

%%  author		= "{Cameron, Deborah}", - single author
%%  author		= "{Saito, Yukio} and {Hyuga, Hiroyuki}", - double author 

%%======================================%%
%% Example for author names with suffix %%
%%======================================%%

%%  author		= "{Price, R. A. Jr} and {Curry, N. {III}} and McCann, K. E. and 
%%					Fielding, J. L. and {Abercrombie, E. Jr}",
